<?xml version="1.0" encoding="UTF-8"?><collection xmlns="http://www.loc.gov/MARC21/slim"><record><leader>00372nam--2200133-i-4500</leader><controlfield tag="001">000040498</controlfield><controlfield tag="002">20161230</controlfield><controlfield tag="005">20161230201042</controlfield><controlfield tag="008">060222s1000------------r-----000-0-eng-d</controlfield><datafield ind1=" " ind2=" " tag="080"><subfield code="a">621.039.51(043)</subfield></datafield><datafield ind1=" " ind2=" " tag="100"><subfield code="a">Schaeffer,Henri</subfield></datafield><datafield ind1=" " ind2=" " tag="245"><subfield code="a">Etude du cycle thorium dans les reacteurs a eau pressurisee. these</subfield></datafield><datafield ind1=" " ind2=" " tag="260"><subfield code="a">Orsay, Univ.De Paris-sud, 1981. 294 P</subfield></datafield><datafield ind1=" " ind2=" " tag="852"><subfield code="a">70623</subfield></datafield></record></collection>